@Article{diamondModelPriceAdjustment1971,
  author  = {Diamond, Peter},
  journal = {{Journal} of {Economic} {Theory}},
  title   = {A model of price adjustment},
  year    = {1971},
  number  = {2},
  pages   = {156--168},
  volume  = {3},
  doi     = {10.1016/0022-0531(71)90013-5},
}

@Article{calvoStaggeredPricesUtilitymaximizing1983,
  author  = {Calvo, Guillermo A.},
  journal = {{Journal} of {Monetary} {Economics}},
  title   = {Staggered prices in a utility-maximizing framework},
  year    = {1983},
  number  = {3},
  pages   = {383--398},
  volume  = {12},
  doi     = {10.1016/0304-3932(83)90060-0},
}

@Article{hosiosEfficiencyMatchingRelated1990,
  author  = {Hosios, Arthur J.},
  journal = {{Review} of {Economic} {Studies}},
  title   = {On the efficiency of matching and related models of search and unemployment},
  year    = {1990},
  number  = {2},
  pages   = {279--298},
  volume  = {57},
  doi     = {10.2307/2297382},
}

@Article{diamondSearchStickyPrices1993,
  author  = {Diamond, Peter},
  journal = {{Review} of {Economic} {Studies}},
  title   = {Search, sticky prices, and inflation},
  year    = {1993},
  number  = {1},
  pages   = {53--68},
  volume  = {60},
  doi     = {10.2307/2297812},
}

@Article{galiInflationDynamicsStructural1999,
  author  = {Gali, Jordi and Gertler, Mark},
  journal = {{Journal} of {Monetary} {Economics}},
  title   = {Inflation dynamics: {A} structural econometric analysis},
  year    = {1999},
  number  = {2},
  pages   = {195--222},
  volume  = {44},
  doi     = {10.1016/S0304-3932(99)00023-9},
}

@Article{bilsEvidenceImportanceSticky2004,
  author  = {Bils, Mark and Klenow, Peter J.},
  journal = {{Journal} of {Political} {Economy}},
  title   = {Some evidence on the importance of sticky prices},
  year    = {2004},
  number  = {5},
  pages   = {947--985},
  volume  = {112},
  doi     = {10.1086/422559},
}

@Article{michaillatAggregateDemandIdle2015,
  author  = {Michaillat, Pascal and Saez, Emmanuel},
  journal = {{Quarterly} {Journal} of {Economics}},
  title   = {Aggregate demand, idle time, and unemployment},
  year    = {2015},
  number  = {2},
  pages   = {507--569},
  volume  = {130},
  doi     = {10.1093/qje/qjv006},
}

@Article{petrosky-nadeauMacroeconomicDynamicsModel2015,
  author  = {Petrosky-Nadeau, Nicolas and Wasmer, Etienne},
  journal = {{Journal} of {Monetary} {Economics}},
  title   = {Macroeconomic dynamics in a model of goods, labor, and credit market frictions},
  year    = {2015},
  pages   = {97--113},
  volume  = {72},
  doi     = {10.1016/j.jmoneco.2015.01.006},
}

@Article{petrosky-nadeauShoppingTime2016,
  author  = {Petrosky-Nadeau, Nicolas and Wasmer, Etienne and Zeng, Shutian},
  journal = {{Economics} {Letters}},
  title   = {Shopping time},
  year    = {2016},
  pages   = {52--60},
  volume  = {143},
  doi     = {10.1016/j.econlet.2016.02.003},
}

@Article{bai2025demand,
  author  = {Bai, Yan and Rios-Rull, Jose-Victor and Storesletten, Kjetil},
  journal = {{Review} of {Economic} {Studies}},
  title   = {Demand shocks as technology shocks},
  year    = {2025},
  doi     = {10.1093/restud/rdaf045},
}

@Article{dixitMonopolisticCompetitionOptimum1977,
  author  = {Dixit, Avinash K. and Stiglitz, Joseph E.},
  journal = {{American} {Economic} {Review}},
  title   = {Monopolistic competition and optimum product diversity},
  year    = {1977},
  number  = {3},
  pages   = {297--308},
  volume  = {67},
  url     = {https://www.jstor.org/stable/1831401},
}

@Article{rotembergMonopolisticPriceAdjustment1982,
  author  = {Rotemberg, Julio J.},
  journal = {{Review} of {Economic} {Studies}},
  title   = {Monopolistic price adjustment and aggregate output},
  year    = {1982},
  number  = {4},
  pages   = {517--531},
  volume  = {49},
  doi     = {10.2307/2297284},
}

@Article{kingProductionGrowthBusiness1988,
  author  = {King, Robert G. and Plosser, Charles I. and Rebelo, Sergio T.},
  journal = {{Journal} of {Monetary} {Economics}},
  title   = {Production, growth and business cycles: {I}. {The} basic neoclassical model},
  year    = {1988},
  number  = {2-3},
  pages   = {309--341},
  volume  = {21},
  doi     = {10.1016/0304-3932(88)90034-7},
}

@Article{andolfattoBusinessCyclesLabormarket1996,
  author  = {Andolfatto, David},
  journal = {{American} {Economic} {Review}},
  title   = {Business cycles and labor-market search},
  year    = {1996},
  number  = {1},
  pages   = {112--132},
  volume  = {86},
  url     = {https://www.jstor.org/stable/2118258},
}

@Article{moenCompetitiveSearchEquilibrium1997,
  author  = {Moen, Espen R.},
  journal = {{Journal} of {Political} {Economy}},
  title   = {Competitive search equilibrium},
  year    = {1997},
  number  = {2},
  pages   = {385--411},
  volume  = {105},
  doi     = {10.1086/262077},
}

@Article{ireland_technology_2004,
  author  = {Ireland, Peter N.},
  journal = {{Review} of {Economics} and {Statistics}},
  title   = {Technology shocks in the new {Keynesian} model},
  year    = {2004},
  number  = {4},
  pages   = {923--936},
  volume  = {86},
  doi     = {10.1162/0034653043125158},
}

@Article{christianoNominalRigiditiesDynamic2005,
  author  = {Christiano, Lawrence J. and Eichenbaum, Martin and Evans, Charles L.},
  journal = {{Journal} of {Political} {Economy}},
  title   = {Nominal rigidities and the dynamic effects of a shock to monetary policy},
  year    = {2005},
  number  = {1},
  pages   = {1--45},
  volume  = {113},
  doi     = {10.1086/426038},
}

@Article{smetsShocksFrictionsUS2007,
  author  = {Smets, Frank and Wouters, Rafael},
  journal = {{American} {Economic} {Review}},
  title   = {Shocks and frictions in {US} business cycles: {A} {Bayesian} {DSGE} approach},
  year    = {2007},
  number  = {3},
  pages   = {586--606},
  volume  = {97},
  doi     = {10.1257/aer.97.3.586},
}

@Article{blanchardLaborMarketsMonetary2010,
  author  = {Blanchard, Olivier and Gali, Jordi},
  journal = {{American} {Economic} {Journal}: {Macroeconomics}},
  title   = {Labor markets and monetary policy: {A} {New} {Keynesian} model with unemployment},
  year    = {2010},
  number  = {2},
  pages   = {1--30},
  volume  = {2},
  doi     = {10.1257/mac.2.2.1},
}

@Article{keaneMicroMacroLabor2012,
  author  = {Keane, Michael and Rogerson, Richard},
  journal = {{Journal} of {Economic} {Literature}},
  title   = {Micro and macro labor supply elasticities: {A} reassessment of conventional wisdom},
  year    = {2012},
  number  = {2},
  pages   = {464--476},
  volume  = {50},
  doi     = {10.1257/jel.50.2.464},
}

@Article{greenwoodInvestmentCapacityUtilization1988,
  author  = {Greenwood, Jeremy and Hercowitz, Zvi and Huffman, Gregory W.},
  journal = {{American} {Economic} {Review}},
  title   = {Investment, capacity utilization, and the real business cycle},
  year    = {1988},
  number  = {3},
  pages   = {402--417},
  volume  = {78},
  url     = {https://www.jstor.org/stable/1809141},
}

@Article{taylorDiscretionPolicyRules1993,
  author  = {Taylor, John B.},
  journal = {{Carnegie}-{Rochester} {Conference} {Series} on {Public} {Policy}},
  title   = {Discretion versus policy rules in practice},
  year    = {1993},
  pages   = {195--214},
  volume  = {39},
  doi     = {10.1016/0167-2231(93)90009-L},
}

@Article{taylorLowInflationPassthrough2000,
  author  = {Taylor, John B.},
  journal = {{European} {Economic} {Review}},
  title   = {Low inflation, pass-through, and the pricing power of firms},
  year    = {2000},
  number  = {7},
  pages   = {1389--1408},
  volume  = {44},
  doi     = {10.1016/S0014-2921(00)00037-4},
}

@Article{mathaSearchProductMarket2011,
  author  = {Mathä, Thomas Y. and Pierrard, Olivier},
  journal = {{Journal} of {Economic} {Dynamics} and {Control}},
  title   = {Search in the product market and the real business cycle},
  year    = {2011},
  number  = {8},
  pages   = {1172--1191},
  volume  = {35},
  doi     = {10.1016/j.jedc.2011.03.001},
}

@Article{brzustowskiDisentanglingGoodsLabor2016,
  author  = {Brzustowski, Thomas and Petrosky-Nadeau, Nicolas and Wasmer, Etienne},
  journal = {{Labour} {Economics}},
  title   = {Disentangling goods, labor, and credit market frictions in three {European} economies},
  year    = {2016},
  pages   = {180--196},
  volume  = {50},
  doi     = {10.1016/j.labeco.2016.05.006},
}

@Article{kaplanShoppingExternalitiesSelffulfilling2016,
  author  = {Kaplan, Greg and Menzio, Guido},
  journal = {{Journal} of {Political} {Economy}},
  title   = {Shopping externalities and self-fulfilling unemployment fluctuations},
  year    = {2016},
  number  = {3},
  pages   = {771--825},
  volume  = {124},
  doi     = {10.1086/685909},
}

@Article{bilsResurrectingRoleProduct2018,
  author  = {Bils, Mark and Klenow, Peter J. and Malin, Benjamin A.},
  journal = {{American} {Economic} {Review}},
  title   = {Resurrecting the role of the product market wedge in recessions},
  year    = {2018},
  number  = {4-5},
  pages   = {1118--1146},
  volume  = {108},
  doi     = {10.1257/aer.20151260},
}

@Article{drozdUnderstandingInternationalPrices2012,
  author  = {Drozd, Lukasz A. and Nosal, Jaromir B.},
  journal = {{American} {Economic} {Review}},
  title   = {Understanding international prices: {Customers} as capital},
  year    = {2012},
  number  = {1},
  pages   = {364--395},
  volume  = {102},
  doi     = {10.1257/aer.102.1.364},
}

@Article{qiuProcyclicalProductivityNew2022,
  author  = {Qiu, Zhesheng and Rios-Rull, José-Victor},
  journal = {{NBER} {Working} {Paper} {Series}},
  title   = {{Procyclical} {Productivity} in {New} {Keynesian} {Models}},
  year    = {2022},
  number  = {29769},
  doi     = {10.3386/w29769},
}

@Article{lesterHomeProductionSticky2014,
  author  = {Lester, Robert},
  journal = {{Journal} of {Macroeconomics}},
  title   = {Home production and sticky price models: {Implications} for monetary policy},
  year    = {2014},
  pages   = {107--121},
  volume  = {41},
  doi     = {10.1016/j.jmacro.2014.05.002},
}

@Article{gnocchiHouseworkFiscalExpansions2016,
  author  = {Gnocchi, Stefano and Hauser, Daniela and Pappa, Evi},
  journal = {{Journal} of {Monetary} {Economics}},
  title   = {Housework and fiscal expansions},
  year    = {2016},
  pages   = {94--108},
  volume  = {79},
  doi     = {10.1016/j.jmoneco.2016.04.003},
}

@Article{galiHasUSWage2019,
  author  = {Gali, Jordi and Gambetti, Luca},
  journal = {{NBER} {Working} {Paper} {Series} {No.} 25476},
  title   = {Has the {US} wage {Phillips} curve flattened? {A} semi-structural exploration},
  year    = {2019},
  doi     = {10.3386/w25476},
}

@Article{benhabibHomeworkMacroeconomicsHousehold1991,
  author  = {Benhabib, Jess and Rogerson, Richard and Wright, Randall},
  journal = {{Journal} of {Political} {Economy}},
  title   = {Homework in macroeconomics: {Household} production and aggregate fluctuations},
  year    = {1991},
  number  = {6},
  pages   = {1166--1187},
  volume  = {99},
  doi     = {10.1086/261796},
}

@Article{greenwoodAllocationCapitalTime1991,
  author  = {Greenwood, Jeremy and Hercowitz, Zvi},
  journal = {{Journal} of {Political} {Economy}},
  title   = {The allocation of capital and time over the business cycle},
  year    = {1991},
  number  = {6},
  pages   = {1188--1214},
  volume  = {99},
  doi     = {10.1086/261797},
}

@Article{galiUnemploymentEstimatedNew2012,
  author  = {Gali, Jordi and Smets, Frank and Wouters, Rafael},
  journal = {{NBER} {Macroeconomics} {Annual}},
  title   = {Unemployment in an estimated {New} {Keynesian} model},
  year    = {2012},
  pages   = {329--360},
  volume  = {26},
  doi     = {10.1086/663994},
}

@Article{heathcoteMacroeconomicImplicationsRising2010,
  author  = {Heathcote, Jonathan and Storesletten, Kjetil and Violante, Giovanni L.},
  journal = {{Journal} of {Political} {Economy}},
  title   = {The macroeconomic implications of rising wage inequality in the {United} {States}},
  year    = {2010},
  number  = {4},
  pages   = {681--722},
  volume  = {118},
  doi     = {10.1086/656632},
}

@Article{huoDemandInducedFluctuations2020,
  author  = {Huo, Zhen and Rios-Rull, José-Vı́ctor},
  journal = {{Review} of {Economic} {Dynamics}},
  title   = {Demand induced fluctuations},
  year    = {2020},
  number  = {Supplement 1},
  pages   = {S99--S117},
  volume  = {37},
  doi     = {10.1016/j.red.2020.06.011},
}

@Article{diamond1982aggregate,
  author  = {Diamond, Peter A},
  journal = {{Journal} of {Political} {Economy}},
  title   = {Aggregate demand management in search equilibrium},
  year    = {1982},
  number  = {5},
  pages   = {881--894},
  volume  = {90},
  doi     = {10.1086/261099},
}

@Article{diamond1989rational,
  author  = {Diamond, Peter and Fudenberg, Drew},
  journal = {{Journal} of {Political} {Economy}},
  title   = {Rational expectations business cycles in search equilibrium},
  year    = {1989},
  note    = {Publisher: The University of Chicago Press},
  number  = {3},
  pages   = {606--619},
  volume  = {97},
  doi     = {10.1086/261618},
}

@Article{benabou1988search,
  author  = {Benabou, Roland},
  journal = {{Review} of {Economic} {Studies}},
  title   = {{Search}, {Price} {Setting} and {Inflation}},
  year    = {1988},
  number  = {3},
  pages   = {353--376},
  volume  = {55},
  doi     = {10.2307/2297389},
}

@Article{benabou1992inflation,
  author  = {Benabou, Roland},
  journal = {{Review} of {Economic} {Studies}},
  title   = {Inflation and efficiency in search markets},
  year    = {1992},
  number  = {2},
  pages   = {299--329},
  volume  = {59},
  doi     = {10.2307/2297956},
}

@Article{head2012sticky,
  author  = {Head, Allen and Liu, Lucy Qian and Menzio, Guido and Wright, Randall},
  journal = {{Journal} of the {European} {Economic} {Association}},
  title   = {Sticky prices: {A} new monetarist approach},
  year    = {2012},
  number  = {5},
  pages   = {939--973},
  volume  = {10},
  doi     = {10.1111/j.1542-4774.2012.01081.x},
}

@Article{gourio2014customer,
  author  = {Gourio, Francois and Rudanko, Leena},
  journal = {{Review} of {Economic} {Studies}},
  title   = {Customer capital},
  year    = {2014},
  number  = {3},
  pages   = {1102--1136},
  volume  = {81},
  doi     = {10.1093/restud/rdu007},
}

@Article{harding2022resolving,
  author  = {Harding, Martı́n and Lindé, Jesper and Trabandt, Mathias},
  journal = {{Journal} of {Monetary} {Economics}},
  title   = {Resolving the missing deflation puzzle},
  year    = {2022},
  pages   = {15--34},
  volume  = {126},
  doi     = {10.1016/j.jmoneco.2021.09.003},
}

@Article{ascari2021empirical,
  author  = {Ascari, Guido and Magnusson, Leandro M and Mavroeidis, Sophocles},
  journal = {{Journal} of {Monetary} {Economics}},
  title   = {Empirical evidence on the {Euler} equation for consumption in the {US}},
  year    = {2021},
  pages   = {129--152},
  volume  = {117},
  doi     = {10.1016/j.jmoneco.2019.12.004},
}

@techreport{adjemian2024dynare,
	title = {Dynare: {Reference} manual, version 6},
	number = {80},
	institution = {CEPREMAP},
	author = {Adjemian, Stéphane and Juillard, Michel and Karamé, Frédéric and Mutschler, Willi and Pfeifer, Johannes and Ratto, Marco and Rion, Normann and Villemot, Sébastien},
	year = {2024},
	note = {Series: Dynare working papers},
}

@Unpublished{den2024role,
  author = {Den Haan, Wouter J and Sun, Tiancheng},
  title  = {The role of sell frictions for inventories and business cycles},
  year   = {2024},
}

@Article{yun1996nominal,
  author  = {Yun, Tack},
  journal = {{Journal} of {Monetary} {Economics}},
  title   = {Nominal price rigidity, money supply endogeneity, and business cycles},
  year    = {1996},
  number  = {2},
  pages   = {345--370},
  volume  = {37},
  doi     = {10.1016/S0304-3932(96)90040-9},
}

@Article{becker1965theory,
  author  = {Becker, Gary S},
  journal = {The {Economic} {Journal}},
  title   = {A {Theory} of the {Allocation} of {Time}},
  year    = {1965},
  number  = {299},
  pages   = {493--517},
  volume  = {75},
  doi     = {10.2307/2228949},
}

@Article{safonova2017home,
  author  = {Safonova, Dasha},
  journal = {{The} {Quarterly} {Review} of {Economics} and {Finance}},
  title   = {Home production, employment, and monetary policy},
  year    = {2017},
  pages   = {57--66},
  volume  = {64},
  doi     = {10.1016/j.qref.2016.08.007},
}

@Article{mcgrattan1997equilibrium,
  author  = {McGrattan, Ellen R and Rogerson, Richard and Wright, Randall},
  journal = {{International} {Economic} {Review}},
  title   = {An equilibrium model of the business cycle with household production and fiscal policy},
  year    = {1997},
  number  = {2},
  pages   = {267--290},
  volume  = {38},
  doi     = {10.2307/2527375},
}

@Article{burdett1983equilibrium,
  author  = {Burdett, Kenneth and Judd, Kenneth L},
  journal = {{Econometrica}},
  title   = {Equilibrium price dispersion},
  year    = {1983},
  number  = {4},
  pages   = {955--969},
  volume  = {51},
  doi     = {10.2307/1912045},
}

@Article{petrosky2021hosios,
  author  = {Petrosky-Nadeau, Nicolas and Wasmer, Etienne and Weil, Philippe},
  journal = {{CEPR} {Discussion} {Paper} {DP15833}},
  title   = {When {Hosios} meets {Phillips}: Connecting efficiency and stability to demand shocks},
  year    = {2021},
  url     = {https://ssrn.com/abstract=3795216},
}

@Article{karabarbounis2014labor,
  author  = {Karabarbounis, Loukas},
  journal = {{Review} of {Economic} {Dynamics}},
  title   = {The labor wedge: {MRS} vs. {MPN}},
  year    = {2014},
  number  = {2},
  pages   = {206--223},
  volume  = {17},
  doi     = {10.1016/j.red.2013.07.003},
}

@Article{harding2023understanding,
  author  = {Harding, Mart{\'\i}n and Lind{\'e}, Jesper and Trabandt, Mathias},
  journal = {{Journal} of {Monetary} {Economics}},
  title   = {Understanding post-COVID inflation dynamics},
  year    = {2023},
  pages   = {S101--S118},
  volume  = {140},
  doi     = {10.1016/j.jmoneco.2023.05.012},
}

@Book{gali2011unemployment,
  author    = {Gal{\'\i}, Jordi},
  publisher = {MIT Press},
  title     = {Unemployment fluctuations and stabilization policies: a new Keynesian perspective},
  year      = {2011},
}

@Article{schmitt2025hotelling,
  author  = {Schmitt-Groh{\'e}, Stephanie and Uribe, Mart{\'\i}n},
  journal = {{NBER} {Working} {Paper} {No.} 33628},
  title   = {Hotelling Meets Keynes: Aggregate Adjustment with Spatial Competition and Nominal Rigidity},
  year    = {2025},
  doi     = {10.3386/w33628},
}

@Article{knotek2007useful,
  author    = {Knotek, Edward S},
  journal   = {{Economic} {Review} - {Federal} {Reserve} {Bank} of {Kansas} {City}},
  title     = {How useful is Okun's law?},
  year      = {2007},
  number    = {4},
  pages     = {73--103},
  volume    = {92},
  publisher = {Federal Reserve Bank of Kansas City},
}

@Article{chetty2013does,
  author  = {Chetty, Raj and Guren, Adam and Manoli, Day and Weber, Andrea},
  journal = {{NBER} {Macroeconomics} {Annual}},
  title   = {Does indivisible labor explain the difference between micro and macro elasticities? A meta-analysis of extensive margin elasticities},
  year    = {2013},
  pages   = {1--56},
  volume  = {27},
  doi     = {10.1086/669170},
}

@Article{faccini2022importance,
  author  = {Faccini, Renato and Yashiv, Eran},
  journal = {{Quantitative} {Economics}},
  title   = {The importance of hiring frictions in business cycles},
  year    = {2022},
  number  = {3},
  pages   = {1101--1143},
  volume  = {13},
  doi     = {10.3982/QE1512},
}

@Article{sun2024excess,
  author  = {Sun, Tiancheng},
  journal = {{Review} of {Economic} {Studies}},
  title   = {Excess Capacity and Demand-Driven Business Cycles},
  year    = {2024},
  number  = {4},
  pages   = {2730--2764},
  volume  = {92},
  doi     = {10.1093/restud/rdae072},
}

@Unpublished{Gantert2025TFP,
  author = {Gantert, Konstantin},
  title  = {Revisiting TFP Dynamics: The Role of Goods Market Search and Capacity Utilization over the Business Cycle},
  year   = {2025},
}

@Article{paciello2019price,
  author  = {Paciello, Luigi and Pozzi, Andrea and Trachter, Nicholas},
  journal = {{International} {Economic} {Review}},
  title   = {Price dynamics with customer markets},
  year    = {2019},
  number  = {1},
  pages   = {413--446},
  volume  = {60},
  doi     = {10.1111/iere.12358},
}

@Article{merzSearchLaborMarket1995,
  author  = {Merz, Monika},
  journal = {{Journal} of {Monetary} {Economics}},
  title   = {Search in the labor market and the real business cycle},
  year    = {1995},
  number  = {2},
  pages   = {269--300},
  volume  = {36},
  doi     = {10.1016/0304-3932(95)01216-8},
}

@Article{sbordonePricesUnitLabor2002,
  author  = {Sbordone, Argia M},
  journal = {{Journal} of {Monetary} {Economics}},
  title   = {Prices and unit labor costs: a new test of price stickiness},
  year    = {2002},
  number  = {2},
  pages   = {265--292},
  volume  = {49},
  doi     = {10.1016/S0304-3932(01)00111-8},
}

@Article{ercegOptimalMOnetaryPolicy2000,
  author  = {Erceg, Christopher J and Henderson, Dale W and Levin, Andrew T},
  journal = {{Journal} of {Monetary} {Economics}},
  title   = {Optimal monetary policy with staggered wage and price contracts},
  year    = {2000},
  number  = {2},
  pages   = {281--313},
  volume  = {46},
  doi     = {10.1016/S0304-3932(00)00028-3},
}

@Article{khanInventoriesBusinessCycle2007,
  author  = {Khan, Aubhik and Thomas, Julia K},
  journal = {{American} {Economic} {Review}},
  title   = {Inventories and the business cycle: An equilibrium analysis of (S, s) policies},
  year    = {2007},
  number  = {4},
  pages   = {1165--1188},
  volume  = {97},
  doi     = {10.1257/aer.97.4.1165},
}

@Article{lechthalerQuadraticLaborAdjustment2013,
  author  = {Lechthaler, Wolfgang and Snower, Dennis J},
  journal = {{Macroeconomic} {Dynamics}},
  title   = {Quadratic labor adjustment costs, business cycle dynamics, and optimal monetary policy},
  year    = {2013},
  number  = {2},
  pages   = {464--475},
  volume  = {17},
  doi     = {10.1086/669170},
}

@Article{hallCyclicalResponseAdvertising2012,
  author  = {Hall, Robert E},
  journal = {{NBER} {Working} {Paper} {Series} {No.} 18370},
  title   = {The cyclical response of advertising refutes counter-cyclical profit margins in favor of product-market frictions},
  year    = {2012},
  doi     = {10.3386/w18370},
}

@Article{basuAreTechnologyImprovements2006,
  author  = {Basu, Susanto and Fernald, John G and Kimball, Miles S},
  journal = {{American} {Economic} {Review}},
  title   = {Are technology improvements contractionary?},
  year    = {2006},
  number  = {5},
  pages   = {1418--1448},
  volume  = {96},
  doi     = {10.1257/aer.96.5.1418},
}

@Article{gali1999technology,
  author  = {Gali, Jordi},
  journal = {{American} {Economic} {Review}},
  title   = {Technology, employment, and the business cycle: do technology shocks explain aggregate fluctuations?},
  year    = {1999},
  number  = {1},
  pages   = {249--271},
  volume  = {89},
  doi     = {10.1257/aer.89.1.249},
}

@Misc{fredDATA,
  author       = {{Federal Reserve Bank of St. Louis}},
  howpublished = {\url{https://fred.stlouisfed.org}},
  note         = {Accessed: 2025-08-04},
  title        = {{FRED, Federal Reserve Economic Data}},
  year         = {2025},
}

@Misc{atusDATA,
  author       = {{U.S. Bureau of Labor Statistics}},
  howpublished = {\url{https://www.bls.gov/tus/}},
  note         = {Accessed: 2025-08-04},
  title        = {{American Time Use Survey (ATUS)}},
  year         = {2025},
}

@InCollection{christianoDSGEModelsMonetary2010,
  author    = {Christiano, Lawrence J and Trabandt, Mathias and Walentin, Karl},
  booktitle = {{Handbook} of {Monetary} {Economics}},
  title     = {DSGE models for monetary policy analysis},
  year      = {2010},
  chapter   = {7},
  editor    = {Benjamin M. Friedman and Woodford, Michael},
  pages     = {285--367},
  volume    = {3},
  doi       = {10.1016/B978-0-444-53238-1.00007-7},
}

@Article{karabarbounis2014home,
  author  = {Karabarbounis, Loukas},
  journal = {{Journal} of {Monetary} {Economics}},
  title   = {Home production, labor wedges, and international business cycles},
  year    = {2014},
  pages   = {68--84},
  volume  = {64},
  doi     = {10.1016/j.jmoneco.2014.02.001},
}

@Book{phelps1970microeconomic,
  editor    = {Edmund S. Phelps},
  publisher = {W. W. Norton},
  title     = {{Microeconomic} {Foundations} of {Employment} and {Inflation} {Theory}},
  year      = {1970},
  address   = {New York},
}

@Article{lehmann2010search,
  author  = {Lehmann, Etienne and Van der Linden, Bruno},
  journal = {{Macroeconomic} {Dynamics}},
  title   = {Search frictions on product and labor markets: Money in the matching function},
  year    = {2010},
  number  = {1},
  pages   = {56--92},
  volume  = {14},
  doi     = {10.1017/S1365100509080316},
}

@Article{francis2005technology,
  author  = {Francis, Neville and Ramey, Valerie A},
  journal = {{Journal} of {Monetary} {Economics}},
  title   = {Is the technology-driven real business cycle hypothesis dead? Shocks and aggregate fluctuations revisited},
  year    = {2005},
  number  = {8},
  pages   = {1379--1399},
  volume  = {52},
  doi     = {10.1016/j.jmoneco.2004.08.009},
}

@Article{chari2007business,
  author  = {Chari, Varadarajan V and Kehoe, Patrick J and McGrattan, Ellen R},
  journal = {{Econometrica}},
  title   = {Business cycle accounting},
  year    = {2007},
  number  = {3},
  pages   = {781--836},
  volume  = {75},
  doi     = {10.1111/j.1468-0262.2007.00768.x},
}

@Article{huo2023utilization,
  author  = {Huo, Zhen and Levchenko, Andrei A and Pandalai-Nayar, Nitya},
  journal = {{Journal} of {International} {Economics}},
  title   = {Utilization-adjusted TFP across countries: Measurement and implications for international comovement},
  year    = {2023},
  volume  = {146},
  doi     = {10.1016/j.jinteco.2023.103753},
}

@Article{diamond1984money,
  author  = {Diamond, Peter},
  journal = {{Econometrica}},
  title   = {Money in search equilibrium},
  year    = {1984},
  number  = {1},
  pages   = {1--20},
  volume  = {52},
  doi     = {10.2307/1911458},
}

@Article{diamond1990inventories,
  author  = {Diamond, Peter and Yellin, Joel},
  journal = {{Econometrica}},
  title   = {Inventories and money holdings in a search economy},
  year    = {1990},
  number  = {4},
  pages   = {929--950},
  volume  = {58},
  doi     = {10.2307/2938356},
}

@Article{kiyotaki1993search,
  author  = {Kiyotaki, Nobuhiro and Wright, Randall},
  journal = {{American} {Economic} {Review}},
  title   = {A search-theoretic approach to monetary economics},
  year    = {1993},
  number  = {1},
  pages   = {63--77},
  volume  = {83},
  url     = {https://www.jstor.org/stable/2117496},
}

@Article{shi1997divisible,
  author  = {Shi, Shouyong},
  journal = {{Econometrica}},
  title   = {A divisible search model of fiat money},
  year    = {1997},
  number  = {1},
  pages   = {75--102},
  volume  = {65},
  doi     = {10.2307/2171814},
}

@Article{shi1998search,
  author  = {Shi, Shouyong},
  journal = {{Journal} of {Economic} {Theory}},
  title   = {Search for a monetary propagation mechanism},
  year    = {1998},
  number  = {2},
  pages   = {314--352},
  volume  = {81},
  doi     = {10.1006/jeth.1998.2407},
}

@Article{lagos2005unified,
  author  = {Lagos, Ricardo and Wright, Randall},
  journal = {{Journal} of {Political} {Economy}},
  title   = {A unified framework for monetary theory and policy analysis},
  year    = {2005},
  number  = {3},
  pages   = {463--484},
  volume  = {113},
  doi     = {10.1086/429804},
}

@Article{rocheteau2005money,
  author  = {Rocheteau, Guillaume and Wright, Randall},
  journal = {{Econometrica}},
  title   = {Money in search equilibrium, in competitive equilibrium, and in competitive search equilibrium},
  year    = {2005},
  number  = {1},
  pages   = {175--202},
  volume  = {73},
  doi     = {10.1111/j.1468-0262.2005.00568.x},
}

@Article{barro2025old,
  author  = {Barro, Robert J},
  journal = {{NBER} {Working} {Paper} {No.} 33850},
  title   = {The Old Keynesian Model},
  year    = {2025},
  doi     = {10.3386/w33850},
}

@Article{nord2023shopping,
  author  = {Nord, Lukas},
  journal = {Available at SSRN 4178271},
  title   = {Shopping, demand composition, and equilibrium prices},
  year    = {2023},
  doi     = {10.2139/ssrn.4178271},
}

@Article{pytka2024shopping,
  author  = {Pytka, Krzysztof},
  journal = {Available at SSRN: 4857531},
  title   = {Shopping Frictions with Household Heterogeneity: Theory \& Empirics},
  year    = {2024},
  doi     = {10.2139/ssrn.4857531},
}

@Article{aguiar2013time,
  author  = {Aguiar, Mark and Hurst, Erik and Karabarbounis, Loukas},
  journal = {{American} {Economic} {Review}},
  title   = {Time use during the great recession},
  year    = {2013},
  number  = {5},
  pages   = {1664--1696},
  volume  = {103},
  doi     = {10.1257/aer.103.5.1664},
}

@Article{michaillat2024beveridgean,
  author  = {Michaillat, Pascal and Saez, Emmanuel},
  journal = {arXiv:2401.12475v2},
  title   = {Beveridgean Phillips Curve},
  year    = {2024},
  doi     = {10.48550/arXiv.2401.12475},
}

@Article{bils2000inventory,
  author  = {Bils, Mark and Kahn, James A},
  journal = {{American} {Economic} {Review}},
  title   = {What inventory behavior tells us about business cycles},
  year    = {2000},
  number  = {3},
  pages   = {458--481},
  volume  = {90},
  doi     = {10.1257/aer.90.3.458},
}

@Article{beck2020price,
  author  = {Beck, G{\"u}nter W and Lein, Sarah M},
  journal = {{Journal} of {Monetary} {Economics}},
  title   = {Price elasticities and demand-side real rigidities in micro data and in macro models},
  year    = {2020},
  pages   = {200--212},
  volume  = {115},
  doi     = {10.1016/j.jmoneco.2019.06.003},
}

@Article{klenow2016real,
  author  = {Klenow, Peter J and Willis, Jonathan L},
  journal = {{Economica}},
  title   = {Real rigidities and nominal price changes},
  year    = {2016},
  number  = {331},
  pages   = {443--472},
  volume  = {83},
  doi     = {10.1111/ecca.12191},
}

@Article{dossche2010kinked,
  author  = {Dossche, Maarten and Heylen, Freddy and Van den Poel, Dirk},
  journal = {{Scandinavian} {Journal} of {Economics}},
  title   = {The kinked demand curve and price rigidity: Evidence from scanner data},
  year    = {2010},
  number  = {4},
  pages   = {723--752},
  volume  = {112},
  doi     = {10.1111/j.1467-9442.2010.01621.x},
}

@Article{gilchrist2017inflation,
  author  = {Gilchrist, Simon and Schoenle, Raphael and Sim, Jae and Zakraj{\v{s}}ek, Egon},
  journal = {{American} {Economic} {Review}},
  title   = {Inflation dynamics during the financial crisis},
  year    = {2017},
  number  = {3},
  pages   = {785--823},
  volume  = {107},
  doi     = {10.1257/aer.20150248},
}

@Comment{jabref-meta: databaseType:bibtex;}
